@misc{ enwiki:1094796296,
author = "{Wikipedia contributors}",
title = "Mandelbrot set --- {Wikipedia}{,} The Free Encyclopedia",
year = "2022",
howpublished = "\url{https://en.wikipedia.org/w/index.php?title=Mandelbrot_set&oldid=1094796296}",
note = "[Online; accessed 1-July-2022]"
}

@book{mandelbrot1982fractal,
  title={The fractal geometry of nature},
  author={Mandelbrot, Benoit B and Mandelbrot, Benoit B},
  volume={1},
  year={1982},
  publisher={WH freeman New York}
}

@book{s1992fractal,
  title={Fractal growth phenomena},
  author={s Vicsek, Tam},
  year={1992},
  publisher={World scientific}
}