@book{kerrisk2010linux,
  title={The Linux programming interface: a Linux and UNIX system programming handbook},
  author={Kerrisk, Michael},
  year={2010},
  publisher={No Starch Press}
}
